@inproceedings{weinberger2011systematic,
  title={A systematic analysis of XSS sanitization in web application frameworks},
  author={Weinberger, Joel and Saxena, Prateek and Akhawe, Devdatta and Finifter, Matthew and Shin, Richard and Song, Dawn},
  booktitle={European Symposium on Research in Computer Security},
  pages={150--171},
  year={2011},
  organization={Springer}
}
@inproceedings{kruegel2003anomaly,
  title={Anomaly detection of web-based attacks},
  author={Kruegel, Christopher and Vigna, Giovanni},
  booktitle={Proceedings of the 10th ACM conference on Computer and communications security},
  pages={251--261},
  year={2003}
}
@inproceedings{epp2017anomaly,
  title={Anomaly-based web application firewall using HTTP-specific features and one-class SVM},
  author={Epp, Nico and Funk, Ralf and Cappo, Cristian and Lorenzo--Paraguay, San},
  booktitle={Workshop Regional de Seguran{\c{c}}a da Informa{\c{c}}{\~a}o e de Sistemas Computacionais},
  year={2017}
}
@inproceedings{chaudhuri2010symbolic,
  title={Symbolic security analysis of ruby-on-rails web applications},
  author={Chaudhuri, Avik and Foster, Jeffrey S},
  booktitle={Proceedings of the 17th ACM conference on Computer and communications security},
  pages={585--594},
  year={2010}
}
@inproceedings{makiou2014improving,
  title={Improving Web Application Firewalls to detect advanced SQL injection attacks},
  author={Makiou, Abdelhamid and Begriche, Youcef and Serhrouchni, Ahmed},
  booktitle={2014 10th International Conference on Information Assurance and Security},
  pages={35--40},
  year={2014},
  organization={IEEE}
}
@inproceedings{krueger2010tokdoc,
  title={TokDoc: A self-healing web application firewall},
  author={Krueger, Tammo and Gehl, Christian and Rieck, Konrad and Laskov, Pavel},
  booktitle={Proceedings of the 2010 ACM Symposium on Applied Computing},
  pages={1846--1853},
  year={2010}
}
@inproceedings{ito2018web,
  title={Web application firewall using character-level convolutional neural network},
  author={Ito, Michiaki and Iyatomi, Hitoshi},
  booktitle={2018 IEEE 14th International Colloquium on Signal Processing \& Its Applications (CSPA)},
  pages={103--106},
  year={2018},
  organization={IEEE}
}
@article{subramaniyaswamy2018securing,
  title={Securing Web Applications from malware attacks using hybrid feature extraction},
  author={Subramaniyaswamy, V and Venkata, Kalyani Gopireddy and Naladala, Likhitha},
  year={2018}
}
@inproceedings{halfond2005amnesia,
  title={AMNESIA: analysis and monitoring for Neutralizing SQL-injection attacks},
  author={Halfond, William GJ and Orso, Alessandro},
  booktitle={Proceedings of the 20th IEEE/ACM international Conference on Automated software engineering},
  pages={174--183},
  year={2005}
}
@webpage{bottle,
  author={Marcel Hellkamp},
  title={Bottle: Python Web Framework},
  organization={Bottle},
  note={\url{https://bottlepy.org/docs/dev/} (参照日時: 2021-02-04)},
}
@webpage{flask,
  author={Pallets},
  title={Welcome to Flask -- Flask Documentation (1.1.x)},
  organization={Pallets},
  note ={\url{https://flask.palletsprojects.com/en/1.1.x/} (参照日時: 2021-02-04)}
}
@article{waf_ipa,
  author={独立行政法人情報処理推進機構セキュリティセンター},
  title={Web Application Firewall(WAF)読本　改訂第2版第3刷},
  organization={独立行政法人情報処理推進機構セキュリティセンター},
  note={\url{https://www.ipa.go.jp/files/000017312.pdf} (参照日時: 2021-02-04)},
}
@article{le2011doubleguard,
  title={Doubleguard: Detecting intrusions in multitier web applications},
  author={Le, Meixing and Stavrou, Angelos and Kang, Brent ByungHoon},
  journal={IEEE Transactions on dependable and secure computing},
  volume={9},
  number={4},
  pages={512--525},
  year={2011},
  publisher={IEEE}
}
@webpage{improper_authentication,
  title={不適切な認証(CWE-287) - JVN iPedia},
  author={独立行政法人情報処理推進機構},
  organization={独立行政法人情報処理推進機構},
  note={\url{https://jvndb.jvn.jp/ja/cwe/CWE-287.html} (参照日時: 2021-02-04)}
}
@webpage{ast,
  title={ast -\--\-- 抽象構文木 — Python 3.9.1 ドキュメント},
  author={Python Software Foundation}
  organization={Python Software Foundation}
  note={\url{https://docs.python.org/ja/3/library/ast.html} (参照日時: 2021-02-05)},
}
