@inproceedings{weinberger2011systematic,
  title={A systematic analysis of XSS sanitization in web application frameworks},
  author={Weinberger, Joel and Saxena, Prateek and Akhawe, Devdatta and Finifter, Matthew and Shin, Richard and Song, Dawn},
  booktitle={European Symposium on Research in Computer Security},
  pages={150--171},
  year={2011},
  organization={Springer}
}

@inproceedings{kruegel2003anomaly,
  title={Anomaly detection of web-based attacks},
  author={Kruegel, Christopher and Vigna, Giovanni},
  booktitle={Proceedings of the 10th ACM conference on Computer and communications security},
  pages={251--261},
  year={2003}
}

@inproceedings{epp2017anomaly,
  title={Anomaly-based web application firewall using HTTP-specific features and one-class SVM},
  author={Epp, Nico and Funk, Ralf and Cappo, Cristian and Lorenzo--Paraguay, San},
  booktitle={Workshop Regional de Seguran{\c{c}}a da Informa{\c{c}}{\~a}o e de Sistemas Computacionais},
  year={2017}
}
